<record><leader>00000cas a22000007a 4500</leader><controlfield tag="001">11844144</controlfield><controlfield tag="008">850325c19859999dcuqr ne      0   a0eng d</controlfield><datafield ind1=" " ind2=" " tag="010"><subfield code="a">sn 85001006 </subfield></datafield><datafield ind1=" " ind2=" " tag="040"><subfield code="a">NSD</subfield><subfield code="b">eng</subfield><subfield code="c">NSD</subfield><subfield code="d">NST</subfield><subfield code="d">CRL</subfield><subfield code="d">OCLCQ</subfield><subfield code="d">CUY</subfield><subfield code="d">OCLCQ</subfield><subfield code="d">OCLCO</subfield><subfield code="d">OCLCF</subfield><subfield code="d">OCLCO</subfield><subfield code="d">CUS</subfield></datafield><datafield ind1=" " ind2=" " tag="012"><subfield code="i">8909</subfield><subfield code="j">0</subfield><subfield code="l">1</subfield></datafield><datafield ind1=" " ind2=" " tag="019"><subfield code="a">789137930</subfield><subfield code="a">813032507</subfield></datafield><datafield ind1="0" ind2=" " tag="022"><subfield code="a">0882-4355</subfield><subfield code="l">0882-4355</subfield><subfield code="2">1</subfield></datafield><datafield ind1="1" ind2=" " tag="029"><subfield code="a">AU@</subfield><subfield code="b">000025790868</subfield></datafield><datafield ind1="1" ind2=" " tag="029"><subfield code="a">NZ1</subfield><subfield code="b">8598809</subfield></datafield><datafield ind1=" " ind2=" " tag="037"><subfield code="b">B.O.S., P.O. Box 1939, Washington D.C. 20013</subfield></datafield><datafield ind1=" " ind2=" " tag="042"><subfield code="a">nsdp</subfield></datafield><datafield ind1=" " ind2="4" tag="050"><subfield code="a">HQ1101</subfield></datafield><datafield ind1="1" ind2=" " tag="082"><subfield code="a">305</subfield><subfield code="2">11</subfield></datafield><datafield ind1="0" ind2=" " tag="130"><subfield code="a">Between our selves (Washington, D.C.)</subfield></datafield><datafield ind1="0" ind2=" " tag="210"><subfield code="a">Between our selves</subfield><subfield code="b">(Wash. D.C.)</subfield></datafield><datafield ind1=" " ind2="0" tag="222"><subfield code="a">Between our selves</subfield><subfield code="b">(Washington, D.C.)</subfield></datafield><datafield ind1="1" ind2="0" tag="245"><subfield code="a">Between our selves.</subfield></datafield><datafield ind1=" " ind2=" " tag="260"><subfield code="a">[Washington, D.C. :</subfield><subfield code="b">s.n.,</subfield><subfield code="c">1985]-</subfield></datafield><datafield ind1=" " ind2=" " tag="300"><subfield code="a">volumes</subfield></datafield><datafield ind1=" " ind2=" " tag="310"><subfield code="a">Quarterly</subfield></datafield><datafield ind1=" " ind2=" " tag="336"><subfield code="a">text</subfield><subfield code="b">txt</subfield><subfield code="2">rdacontent</subfield></datafield><datafield ind1=" " ind2=" " tag="337"><subfield code="a">unmediated</subfield><subfield code="b">n</subfield><subfield code="2">rdamedia</subfield></datafield><datafield ind1=" " ind2=" " tag="338"><subfield code="a">volume</subfield><subfield code="b">nc</subfield><subfield code="2">rdacarrier</subfield></datafield><datafield ind1="0" ind2=" " tag="362"><subfield code="a">Vol. 1, no. 1 (winter 1985)-</subfield></datafield><datafield ind1=" " ind2=" " tag="500"><subfield code="a">Title from caption.</subfield></datafield><datafield ind1=" " ind2=" " tag="500"><subfield code="a">"Women of color newspaper."</subfield></datafield><datafield ind1=" " ind2=" " tag="530"><subfield code="a">Also issued on microfilm from Primary Source Microfilm.</subfield></datafield><datafield ind1=" " ind2="0" tag="650"><subfield code="a">Feminism</subfield><subfield code="v">Periodicals.</subfield></datafield><datafield ind1=" " ind2="0" tag="650"><subfield code="a">Women, Black</subfield><subfield code="v">Periodicals.</subfield></datafield><datafield ind1=" " ind2="0" tag="650"><subfield code="a">Minority women</subfield><subfield code="v">Periodicals.</subfield></datafield><datafield ind1=" " ind2="7" tag="650"><subfield code="a">Feminism.</subfield><subfield code="2">fast</subfield><subfield code="0">(OCoLC)fst00922671</subfield></datafield><datafield ind1=" " ind2="7" tag="650"><subfield code="a">Minority women.</subfield><subfield code="2">fast</subfield><subfield code="0">(OCoLC)fst01023418</subfield></datafield><datafield ind1=" " ind2="7" tag="650"><subfield code="a">Women, Black.</subfield><subfield code="2">fast</subfield><subfield code="0">(OCoLC)fst01178916</subfield></datafield><datafield ind1=" " ind2="7" tag="655"><subfield code="a">Periodicals.</subfield><subfield code="2">fast</subfield><subfield code="0">(OCoLC)fst01411641</subfield></datafield><datafield ind1="0" ind2="8" tag="776"><subfield code="i">Online version:</subfield><subfield code="t">Between our selves (Washington, D.C.)</subfield><subfield code="w">(OCoLC)952386785</subfield></datafield><datafield ind1=" " ind2=" " tag="850"><subfield code="a">CU</subfield><subfield code="a">CoU</subfield><subfield code="a">CtU</subfield><subfield code="a">IEN</subfield><subfield code="a">NhD</subfield></datafield></record>